
@online{Hindiyeh,
    author    = "Rami Yusef Hindiyeh",
    title     = "Dynamics and Control of Drifting in Automobiles",
    url       = "https://purl.stanford.edu/vz162hz7668",
}


